<?xml version="1.0" encoding="UTF-8"?>
<record xmlns="http://www.loc.gov/MARC21/slim">
   <leader>01719cam a2200385M  4500</leader>
   <controlfield tag="001">1453649</controlfield>
   <controlfield tag="003">NjP</controlfield>
   <controlfield tag="005">20190705143648.0</controlfield>
   <controlfield tag="008">880825s1968    iq            000 0 ara d</controlfield>
   <datafield tag="024" ind1="7" ind2=" ">
      <subfield code="a">princeton_aco004261</subfield>
      <subfield code="2">local</subfield>
   </datafield>
   <datafield ind1=" " ind2=" " tag="040">
      <subfield code="a">ORZ</subfield>
      <subfield code="c">PUL</subfield>
      <subfield code="d">PUL</subfield>
   </datafield>
   <datafield ind1=" " ind2=" " tag="035">
      <subfield code="9">CEK8585TS</subfield>
   </datafield>
   <datafield ind1=" " ind2=" " tag="035">
      <subfield code="a">(NjP)1453649</subfield>
   </datafield>
   <datafield ind1="1" ind2=" " tag="041">
      <subfield code="a">ara</subfield>
      <subfield code="h">fre</subfield>
   </datafield>
   <datafield ind1=" " ind2=" " tag="043">
      <subfield code="a">a-iq---</subfield>
   </datafield>
   <datafield ind1=" " ind2=" " tag="049">
      <subfield code="a">PULL</subfield>
   </datafield>
   <datafield ind1=" " ind2=" " tag="019">
      <subfield code="a">1055979307</subfield>
      <subfield code="a">1056787017</subfield>
      <subfield code="a">1105343047</subfield>
   </datafield>
   <datafield ind1=" " ind2=" " tag="035">
      <subfield code="a">(OCoLC)ocm18402585</subfield>
      <subfield code="z">(OCoLC)on1055979307</subfield>
      <subfield code="z">(OCoLC)on1056787017</subfield>
      <subfield code="z">(OCoLC)on1105343047</subfield>
   </datafield>
   <datafield ind1="1" ind2=" " tag="100">
      <subfield code="a">Vaucelles, Pierre de.</subfield>
   </datafield>
   <datafield ind1="0" ind2="0" tag="240">
      <subfield code="a">La vie en Irak il y a un siècle, vue par nos consuls.</subfield>
      <subfield code="l">Arabic.</subfield>
   </datafield>
   <datafield ind1="1" ind2="3" tag="245">
      <subfield code="6">880-01</subfield>
      <subfield code="a">al-Ḥayāh fī al-ʻIrāq mundhu qarn, 1814-1914.</subfield>
      <subfield code="b">Taʼlīf Piyīr Dī Vūsīl. Tarjamat Akram Fādil.</subfield>
   </datafield>
   <datafield ind1=" " ind2=" " tag="260">
      <subfield code="6">880-02</subfield>
      <subfield code="a">Baghdād,</subfield>
      <subfield code="b">Mudīrīyat al-Thaqāfah al-ʻAmmah,</subfield>
      <subfield code="c">1968.</subfield>
   </datafield>
   <datafield ind1=" " ind2=" " tag="300">
      <subfield code="a">184 p.</subfield>
      <subfield code="c">24 cm.</subfield>
   </datafield>
   <datafield ind1="1" ind2=" " tag="490">
      <subfield code="6">880-03</subfield>
      <subfield code="a">Silsilat al-kutub al-mutarjamah,</subfield>
      <subfield code="v">4</subfield>
   </datafield>
   <datafield ind1=" " ind2=" " tag="500">
      <subfield code="a">Translation of La vie en Irak il y a un siècle, vue par nos consuls.</subfield>
   </datafield>
   <datafield ind1=" " ind2=" " tag="500">
      <subfield code="a">In Arabic characters.</subfield>
   </datafield>
   <datafield ind1=" " ind2="0" tag="651">
      <subfield code="a">Iraq</subfield>
      <subfield code="x">Social life and customs.</subfield>
   </datafield>
   <datafield ind1="1" ind2=" " tag="810">
      <subfield code="6">880-04</subfield>
      <subfield code="a">Iraq.</subfield>
      <subfield code="b">Mudīrīyat al-Thaqāfah al-ʻĀmmah.</subfield>
      <subfield code="t">Silsilat al-kutub al-mutarjamah ;</subfield>
      <subfield code="v">4.</subfield>
   </datafield>
   <datafield ind1="1" ind2="2" tag="880">
      <subfield code="6">245-01/r</subfield>
      <subfield code="a">الحياة في العراق منذ قرن، 1814-1914.</subfield>
      <subfield code="b">تأليف پيير دي ڤوسيل. ترجمة اكرم فادل.</subfield>
   </datafield>
   <datafield ind1=" " ind2=" " tag="880">
      <subfield code="6">260-02/r</subfield>
      <subfield code="a">بغداد،</subfield>
      <subfield code="b">مديرية الثقافة العمة،</subfield>
      <subfield code="c">1968.</subfield>
   </datafield>
   <datafield ind1="1" ind2=" " tag="880">
      <subfield code="6">490-03/r</subfield>
      <subfield code="a">سلسلة الكتب المترجمة،</subfield>
      <subfield code="v">4</subfield>
   </datafield>
   <datafield ind1="1" ind2=" " tag="880">
      <subfield code="6">810-04/r</subfield>
      <subfield code="a">العراق.</subfield>
      <subfield code="b">مديرية الثقافة العامة.</subfield>
      <subfield code="t">سلسلة الكتب المترجمة ؛</subfield>
      <subfield code="v">4.</subfield>
   </datafield>
   <datafield ind1=" " ind2=" " tag="947">
      <subfield code="a">CEK8585</subfield>
   </datafield>
   <datafield ind1=" " ind2=" " tag="911">
      <subfield code="a">20000130</subfield>
   </datafield>
   <datafield ind1=" " ind2=" " tag="994">
      <subfield code="a">C0</subfield>
      <subfield code="b">PUL</subfield>
   </datafield>
   <datafield ind1=" " ind2=" " tag="999">
      <subfield code="a">1453649</subfield>
   </datafield>
   <datafield ind1=" " ind2=" " tag="979">
      <subfield code="a">(OCoLC)ocn176812195</subfield>
   </datafield>
   <datafield ind1="8" ind2="0" tag="852">
      <subfield code="0">1666509</subfield>
      <subfield code="b">rcppa</subfield>
      <subfield code="t">0</subfield>
      <subfield code="h">1794.929.1968</subfield>
      <subfield code="x">tr fr f</subfield>
   </datafield>
   <datafield ind1=" " ind2=" " tag="959">
      <subfield code="a">2000-06-13 00:00:00 -0500</subfield>
   </datafield>
</record>
